<record><leader>00000cas a22000007a 4500</leader><controlfield tag="001">13998101</controlfield><controlfield tag="008">860801d19051928iauwr ne      0    0eng d</controlfield><datafield ind1=" " ind2=" " tag="010"><subfield code="a">sn 86061079 </subfield></datafield><datafield ind1=" " ind2=" " tag="040"><subfield code="a">INP</subfield><subfield code="b">eng</subfield><subfield code="c">INP</subfield><subfield code="d">OCLCQ</subfield></datafield><datafield ind1="0" ind2="0" tag="245"><subfield code="a">Clermont enterprise.</subfield></datafield><datafield ind1=" " ind2=" " tag="260"><subfield code="a">Clermont, Iowa :</subfield><subfield code="b">W.R. Blake</subfield></datafield><datafield ind1=" " ind2=" " tag="300"><subfield code="a">v. :</subfield><subfield code="b">ill. ;</subfield><subfield code="c">52 cm.</subfield></datafield><datafield ind1=" " ind2=" " tag="310"><subfield code="a">Weekly</subfield></datafield><datafield ind1="1" ind2=" " tag="362"><subfield code="a">Began in 1905; ceased in 1928.</subfield><subfield code="z">Cf. Bibl. of Iowa newspapers.</subfield></datafield><datafield ind1=" " ind2=" " tag="500"><subfield code="a">Publisher varies.</subfield></datafield><datafield ind1=" " ind2=" " tag="588"><subfield code="a">Description based on: Vol. 3, no. 3 (Dec. 19, 1907).</subfield></datafield><datafield ind1=" " ind2=" " tag="752"><subfield code="a">United States</subfield><subfield code="b">Iowa</subfield><subfield code="c">Fayette</subfield><subfield code="d">Clermont.</subfield></datafield><datafield ind1="0" ind2="7" tag="785"><subfield code="t">Elgin echo (Elgin, Iowa : 1891)</subfield><subfield code="w">(DLC)sn 87058381</subfield></datafield><datafield ind1="0" ind2="7" tag="785"><subfield code="t">Elgin echo with the Clermont enterprise and Wadena news</subfield><subfield code="w">(DLC)sn 88059333</subfield></datafield></record>